@book{hansen2010discrete,
  title={Discrete inverse problems: insight and algorithms},
  author={Hansen, Per Christian},
  volume={7},
  year={2010},
  publisher={Siam}
}

@book{hoekstra2010simulating,
  title={Simulating complex systems by cellular automata},
  author={Hoekstra, Alfons G and Kroc, Jiri and Sloot, Peter MA},
  year={2010},
  publisher={Springer}
}

@book{arfken2013mathematical,
  title={Mathematical methods for physicists},
  author={Arfken, George B},
  year={2013},
  publisher={Academic press}
}

@book{hackbusch2012integral,
  title={Integral equations: theory and numerical treatment},
  author={Hackbusch, Wolfgang},
  volume={120},
  year={2012},
  publisher={Birkh{\"a}user}
}

@article{neumaier1998solving,
  title={Solving ill-conditioned and singular linear systems: A tutorial on regularization},
  author={Neumaier, Arnold},
  journal={SIAM review},
  volume={40},
  number={3},
  pages={636--666},
  year={1998},
  publisher={SIAM}
}

@book{trefethen1997numerical,
  title={Numerical linear algebra},
  author={Trefethen, Lloyd N and Bau III, David},
  volume={50},
  year={1997},
  publisher={Siam}
}